@article{cambouropoulosEmilios,
    author    = "Emilios Cambouropoulos and Gerhard Widmer",
    title     = "AUTOMATED MOTIVIC ANALYSIS VIA MELODIC CLUSTERING",
    journal   = "Journal of New Music Research",
    volume   = "29",
    number   = "4",
    pages    = "303",
    year      = "2000"
}

@Inbook{Azcarraga2016,
author="Azcarraga, Arnulfo and Flores, Fritz Kevin",
editor="Hirose, Akira and Ozawa, Seiichi and Doya, Kenji and Ikeda, Kazushi and Lee, Minho and Liu, Derong",
title="SOMphony: Visualizing Symphonies Using Self Organizing Maps",
bookTitle="Neural Information Processing: 23rd International Conference, ICONIP 2016, Kyoto, Japan, October 16--21, 2016, Proceedings, Part IV",
year="2016",
publisher="Springer International Publishing",
address="Cham",
pages="531--537"
}


@article{Dubnov,
 author = {Dubnov, Shlomo and Assayag, Gerard and Lartillot, Olivier and Bejerano, Gill},
 title = {Using Machine-Learning Methods for Musical Style Modeling},
 journal = {Computer},
 issue_date = {October 2003},
 volume = {36},
 number = {10},
 month = oct,
 year = {2003},
 issn = {0018-9162},
 pages = {73--80},
 numpages = {8},
 url = {http://dx.doi.org/10.1109/MC.2003.1236474},
 doi = {10.1109/MC.2003.1236474},
 acmid = {1436998},
 publisher = {IEEE Computer Society Press},
 address = {Los Alamitos, CA, USA}
}

@misc{bernstein, title={Young People's Concert: What is Classical Music?}, url={https://leonardbernstein.com/lectures/television-scripts/young-peoples-concerts/what-is-classical-music}, journal={What is Classical Music? | Young People's Concerts | Television Scripts | Lectures/Scripts/Writings | Leonard Bernstein}, publisher={Amberson Holdings LLC}, author={Bernstein, Leonard}, year={1959}}
